<?xml version="1.0" encoding="UTF-8"?><searchRetrieveResponse xmlns="http://www.loc.gov/zing/srw/">
  <version>1.2</version>
  <numberOfRecords>1</numberOfRecords>
  <records>
    <record>
      <recordSchema>marcxml</recordSchema>
      <recordPacking>xml</recordPacking>
      <recordData>
        <record xmlns="http://www.loc.gov/MARC21/slim">
          <leader>02419nam a2200613 cb4500</leader>
          <controlfield tag="001">990123360380203331</controlfield>
          <controlfield tag="005">20180416183646.0</controlfield>
          <controlfield tag="007">tu</controlfield>
          <controlfield tag="008">150924|2015    au            ||| 0 ger u</controlfield>
          <controlfield tag="009">AC12638942</controlfield>
          <datafield tag="015" ind1=" " ind2=" ">
            <subfield code="a">15,N24</subfield>
            <subfield code="2">dnb</subfield>
          </datafield>
          <datafield tag="015" ind1=" " ind2=" ">
            <subfield code="a">OeB2015,A,23 943.6,914.36</subfield>
            <subfield code="2">oeb</subfield>
          </datafield>
          <datafield tag="016" ind1="7" ind2=" ">
            <subfield code="a">107185724X</subfield>
            <subfield code="2">DE-101b</subfield>
          </datafield>
          <datafield tag="020" ind1=" " ind2=" ">
            <subfield code="a">9783205796985</subfield>
            <subfield code="c">Festeinband : EUR 60,00 ; CHF 62,96</subfield>
          </datafield>
          <datafield tag="024" ind1="3" ind2=" ">
            <subfield code="a">9783205796985</subfield>
          </datafield>
          <datafield tag="035" ind1=" " ind2=" ">
            <subfield code="a">AC12638942</subfield>
          </datafield>
          <datafield tag="035" ind1=" " ind2=" ">
            <subfield code="a">(Aleph)012336038ACC01</subfield>
          </datafield>
          <datafield tag="035" ind1=" " ind2=" ">
            <subfield code="a">(DE-599)DNB107185724X</subfield>
          </datafield>
          <datafield tag="035" ind1=" " ind2=" ">
            <subfield code="a">(AT-OBV)AC12638942</subfield>
          </datafield>
          <datafield tag="040" ind1=" " ind2=" ">
            <subfield code="a">UAB</subfield>
            <subfield code="b">ger</subfield>
            <subfield code="c">DNB</subfield>
            <subfield code="d">AT-OeNB</subfield>
            <subfield code="e">rda</subfield>
          </datafield>
          <datafield tag="041" ind1=" " ind2=" ">
            <subfield code="a">ger</subfield>
          </datafield>
          <datafield tag="044" ind1=" " ind2=" ">
            <subfield code="c">XA-AT</subfield>
          </datafield>
          <datafield tag="082" ind1="0" ind2="4">
            <subfield code="a">947.7908</subfield>
            <subfield code="q">LBOLIN</subfield>
            <subfield code="2">22/ger</subfield>
          </datafield>
          <datafield tag="084" ind1=" " ind2=" ">
            <subfield code="a">940</subfield>
            <subfield code="q">DE-101</subfield>
            <subfield code="2">sdnb</subfield>
          </datafield>
          <datafield tag="084" ind1=" " ind2=" ">
            <subfield code="a">15.60</subfield>
            <subfield code="2">bkl</subfield>
          </datafield>
          <datafield tag="084" ind1=" " ind2=" ">
            <subfield code="a">15.74</subfield>
            <subfield code="2">bkl</subfield>
          </datafield>
          <datafield tag="084" ind1=" " ind2=" ">
            <subfield code="a">74.31</subfield>
            <subfield code="2">bkl</subfield>
          </datafield>
          <datafield tag="084" ind1=" " ind2=" ">
            <subfield code="a">NK 1900</subfield>
            <subfield code="2">rvk</subfield>
          </datafield>
          <datafield tag="089" ind1="0" ind2="4">
            <subfield code="a">333.1809498409034</subfield>
            <subfield code="c">333.18</subfield>
            <subfield code="e">DDC22ger</subfield>
            <subfield code="f">09034</subfield>
            <subfield code="g">4984</subfield>
          </datafield>
          <datafield tag="090" ind1=" " ind2=" ">
            <subfield code="a">b</subfield>
            <subfield code="h">g</subfield>
          </datafield>
          <datafield tag="245" ind1="0" ind2="0">
            <subfield code="a">&lt;&lt;Der>> Franziszeische Kataster im Kronland Bukowina, Czernowitzer Kreis (1817-1865)</subfield>
            <subfield code="b">Statistik und Katastralmappen</subfield>
            <subfield code="c">Helmut Rumpler, Kurt Scharr, Constantin Ungureanu (Hg.) ; unter Mitarbeit von Walter Liebhart (Kartographie), Mario Kollegger (Statistik) und Roland Bäck (Register)</subfield>
          </datafield>
          <datafield tag="264" ind1=" " ind2="1">
            <subfield code="a">Wien</subfield>
            <subfield code="a">Köln</subfield>
            <subfield code="a">Weimar</subfield>
            <subfield code="b">Böhlau Verlag</subfield>
            <subfield code="c">2015</subfield>
          </datafield>
          <datafield tag="300" ind1=" " ind2=" ">
            <subfield code="a">210 Seiten</subfield>
            <subfield code="b">Illustrationen, Karten</subfield>
            <subfield code="c">29 cm</subfield>
            <subfield code="e">1 DVD-ROM</subfield>
          </datafield>
          <datafield tag="336" ind1=" " ind2=" ">
            <subfield code="b">txt</subfield>
          </datafield>
          <datafield tag="337" ind1=" " ind2=" ">
            <subfield code="b">n</subfield>
          </datafield>
          <datafield tag="338" ind1=" " ind2=" ">
            <subfield code="b">nc</subfield>
          </datafield>
          <datafield tag="490" ind1="1" ind2=" ">
            <subfield code="a">Veröffentlichungen der Kommission für Neuere Geschichte Österreichs</subfield>
            <subfield code="v">Band 112</subfield>
          </datafield>
          <datafield tag="500" ind1=" " ind2=" ">
            <subfield code="a">Quellen und Literatur zur Katasterforschung des Kronlandes Bukowina: Seite 199-205</subfield>
          </datafield>
          <datafield tag="500" ind1=" " ind2=" ">
            <subfield code="a">Zusammenfassung in englischer Sprache</subfield>
          </datafield>
          <datafield tag="689" ind1="0" ind2="0">
            <subfield code="a">Bukowina</subfield>
            <subfield code="D">g</subfield>
            <subfield code="0">(DE-588)4008861-3</subfield>
          </datafield>
          <datafield tag="689" ind1="0" ind2="1">
            <subfield code="a">Franziszeischer Kataster</subfield>
            <subfield code="D">u</subfield>
            <subfield code="0">(DE-588)1076880223</subfield>
          </datafield>
          <datafield tag="689" ind1="0" ind2="2">
            <subfield code="a">Geschichte 1817-1865</subfield>
            <subfield code="A">z</subfield>
          </datafield>
          <datafield tag="689" ind1="0" ind2=" ">
            <subfield code="5">AT-OBV</subfield>
            <subfield code="5">DNB</subfield>
          </datafield>
          <datafield tag="700" ind1="1" ind2=" ">
            <subfield code="a">Rumpler, Helmut</subfield>
            <subfield code="d">1935-2018</subfield>
            <subfield code="0">(DE-588)122618386</subfield>
            <subfield code="4">edt</subfield>
          </datafield>
          <datafield tag="700" ind1="1" ind2=" ">
            <subfield code="a">Scharr, Kurt</subfield>
            <subfield code="d">1970-</subfield>
            <subfield code="0">(DE-588)123191254</subfield>
            <subfield code="4">edt</subfield>
          </datafield>
          <datafield tag="700" ind1="1" ind2=" ">
            <subfield code="a">Ungureanu, Constantin</subfield>
            <subfield code="4">edt</subfield>
          </datafield>
          <datafield tag="700" ind1="1" ind2=" ">
            <subfield code="a">Liebhart, Walter</subfield>
            <subfield code="4">ctg</subfield>
          </datafield>
          <datafield tag="830" ind1=" " ind2="0">
            <subfield code="w">(AT-OBV)AC00112585</subfield>
            <subfield code="v">112</subfield>
            <subfield code="9">O:1</subfield>
          </datafield>
          <datafield tag="856" ind1="4" ind2="2">
            <subfield code="m">B:DE-101</subfield>
            <subfield code="q">application/pdf</subfield>
            <subfield code="u">http://d-nb.info/107185724X/04</subfield>
            <subfield code="x">DNB-TOC</subfield>
            <subfield code="3">Inhaltsverzeichnis</subfield>
            <subfield code="o">OBV-EDOC-DNBTOC</subfield>
          </datafield>
          <datafield tag="856" ind1="4" ind2="2">
            <subfield code="m">X:MVB</subfield>
            <subfield code="q">text/html</subfield>
            <subfield code="u">http://deposit.d-nb.de/cgi-bin/dokserv?id=5285423&amp;prov=M&amp;dok_var=1&amp;dok_ext=htm</subfield>
            <subfield code="3">Inhaltstext</subfield>
          </datafield>
          <datafield tag="852" ind1="0" ind2="1">
            <subfield code="a">43ACC_UBS</subfield>
            <subfield code="6">990023765640203341</subfield>
            <subfield code="9">P</subfield>
          </datafield>
          <datafield tag="852" ind1="0" ind2="1">
            <subfield code="a">43ACC_WIENB</subfield>
            <subfield code="6">9910623513704516</subfield>
            <subfield code="9">P</subfield>
          </datafield>
          <datafield tag="852" ind1="0" ind2="1">
            <subfield code="a">43ACC_UBW</subfield>
            <subfield code="6">990077960350203332</subfield>
            <subfield code="9">P</subfield>
          </datafield>
          <datafield tag="852" ind1="0" ind2="1">
            <subfield code="a">43ACC_UBG</subfield>
            <subfield code="6">990027910140203339</subfield>
            <subfield code="9">P</subfield>
          </datafield>
          <datafield tag="852" ind1="0" ind2="1">
            <subfield code="a">43ACC_ABK</subfield>
            <subfield code="6">990001303330504502</subfield>
            <subfield code="9">P</subfield>
          </datafield>
          <datafield tag="852" ind1="0" ind2="1">
            <subfield code="a">43ACC_OEAW</subfield>
            <subfield code="6">990003000820504498</subfield>
            <subfield code="9">P</subfield>
          </datafield>
          <datafield tag="852" ind1="0" ind2="1">
            <subfield code="a">43ACC_BRIDGE_LOK</subfield>
            <subfield code="6">9910639104477</subfield>
            <subfield code="9">P</subfield>
          </datafield>
          <datafield tag="852" ind1="0" ind2="1">
            <subfield code="a">43ACC_ONB</subfield>
            <subfield code="6">990048251050603338</subfield>
            <subfield code="9">P</subfield>
          </datafield>
          <datafield tag="852" ind1="0" ind2="1">
            <subfield code="a">43ACC_OOELB</subfield>
            <subfield code="6">990007371080304508</subfield>
            <subfield code="9">P</subfield>
          </datafield>
          <datafield tag="970" ind1="1" ind2=" ">
            <subfield code="c">54</subfield>
          </datafield>
          <datafield tag="974" ind1="0" ind2="s">
            <subfield code="F">030</subfield>
            <subfield code="A">a|1urr|||||37</subfield>
          </datafield>
          <datafield tag="974" ind1="0" ind2="s">
            <subfield code="F">050</subfield>
            <subfield code="A">a|b|||||||||||</subfield>
          </datafield>
          <datafield tag="974" ind1="0" ind2="s">
            <subfield code="F">051</subfield>
            <subfield code="A">sz||w|||</subfield>
          </datafield>
        </record>
      </recordData>
      <recordIdentifier>990123360380203331</recordIdentifier>
      <recordPosition>1</recordPosition>
    </record>
  </records>
  <extraResponseData xmlns:xb="http://www.exlibris.com/repository/search/xmlbeans/">
    <xb:exact>true</xb:exact>
    <xb:responseDate>2020-12-30T00:31:02+0100</xb:responseDate>
  </extraResponseData>
</searchRetrieveResponse>